%YAML 1.1
%TAG !u! tag:unity3d.com,2011:
--- !u!1 &313380755
GameObject:
  m_ObjectHideFlags: 0
  m_CorrespondingSourceObject: {fileID: 0}
  m_PrefabInstance: {fileID: 0}
  m_PrefabAsset: {fileID: 0}
  serializedVersion: 6
  m_Component:
  - component: {fileID: 313380756}
  m_Layer: 0
  m_Name: FirePoint
  m_TagString: Untagged
  m_Icon: {fileID: 0}
  m_NavMeshLayer: 0
  m_StaticEditorFlags: 0
  m_IsActive: 1
--- !u!4 &313380756
Transform:
  m_ObjectHideFlags: 0
  m_CorrespondingSourceObject: {fileID: 0}
  m_PrefabInstance: {fileID: 0}
  m_PrefabAsset: {fileID: 0}
  m_GameObject: {fileID: 313380755}
  m_LocalRotation: {x: 0, y: 0, z: 0, w: 1}
  m_LocalPosition: {x: 2.1, y: -0.09, z: 0}
  m_LocalScale: {x: 1, y: 1, z: 1}
  m_Children: []
  m_Father: {fileID: 5917829548366245269}
  m_RootOrder: 0
  m_LocalEulerAnglesHint: {x: 0, y: 0, z: 0}
--- !u!82 &349544390
AudioSource:
  m_ObjectHideFlags: 0
  m_CorrespondingSourceObject: {fileID: 0}
  m_PrefabInstance: {fileID: 0}
  m_PrefabAsset: {fileID: 0}
  m_GameObject: {fileID: 5917829548366245256}
  m_Enabled: 1
  serializedVersion: 4
  OutputAudioMixerGroup: {fileID: 0}
  m_audioClip: {fileID: 8300000, guid: 751eaf642c021d94999a9c9d8fcea56b, type: 3}
  m_PlayOnAwake: 0
  m_Volume: 0.379
  m_Pitch: 1
  Loop: 0
  Mute: 0
  Spatialize: 0
  SpatializePostEffects: 0
  Priority: 128
  DopplerLevel: 1
  MinDistance: 1
  MaxDistance: 500
  Pan2D: 0
  rolloffMode: 0
  BypassEffects: 0
  BypassListenerEffects: 0
  BypassReverbZones: 0
  rolloffCustomCurve:
    serializedVersion: 2
    m_Curve:
    - serializedVersion: 3
      time: 0
      value: 1
      inSlope: 0
      outSlope: 0
      tangentMode: 0
      weightedMode: 0
      inWeight: 0.33333334
      outWeight: 0.33333334
    - serializedVersion: 3
      time: 1
      value: 0
      inSlope: 0
      outSlope: 0
      tangentMode: 0
      weightedMode: 0
      inWeight: 0.33333334
      outWeight: 0.33333334
    m_PreInfinity: 2
    m_PostInfinity: 2
    m_RotationOrder: 4
  panLevelCustomCurve:
    serializedVersion: 2
    m_Curve:
    - serializedVersion: 3
      time: 0
      value: 0.263
      inSlope: 0
      outSlope: 0
      tangentMode: 0
      weightedMode: 0
      inWeight: 0.33333334
      outWeight: 0.33333334
    m_PreInfinity: 2
    m_PostInfinity: 2
    m_RotationOrder: 4
  spreadCustomCurve:
    serializedVersion: 2
    m_Curve:
    - serializedVersion: 3
      time: 0
      value: 0
      inSlope: 0
      outSlope: 0
      tangentMode: 0
      weightedMode: 0
      inWeight: 0.33333334
      outWeight: 0.33333334
    m_PreInfinity: 2
    m_PostInfinity: 2
    m_RotationOrder: 4
  reverbZoneMixCustomCurve:
    serializedVersion: 2
    m_Curve:
    - serializedVersion: 3
      time: 0
      value: 1
      inSlope: 0
      outSlope: 0
      tangentMode: 0
      weightedMode: 0
      inWeight: 0.33333334
      outWeight: 0.33333334
    m_PreInfinity: 2
    m_PostInfinity: 2
    m_RotationOrder: 4
--- !u!82 &349544399
AudioSource:
  m_ObjectHideFlags: 0
  m_CorrespondingSourceObject: {fileID: 0}
  m_PrefabInstance: {fileID: 0}
  m_PrefabAsset: {fileID: 0}
  m_GameObject: {fileID: 5917829548366245256}
  m_Enabled: 1
  serializedVersion: 4
  OutputAudioMixerGroup: {fileID: 0}
  m_audioClip: {fileID: 8300000, guid: a65186bdf8212814bbf4bd50efbf9a71, type: 3}
  m_PlayOnAwake: 0
  m_Volume: 1
  m_Pitch: 1
  Loop: 0
  Mute: 0
  Spatialize: 0
  SpatializePostEffects: 0
  Priority: 128
  DopplerLevel: 1
  MinDistance: 1
  MaxDistance: 500
  Pan2D: 0
  rolloffMode: 0
  BypassEffects: 0
  BypassListenerEffects: 0
  BypassReverbZones: 0
  rolloffCustomCurve:
    serializedVersion: 2
    m_Curve:
    - serializedVersion: 3
      time: 0
      value: 1
      inSlope: 0
      outSlope: 0
      tangentMode: 0
      weightedMode: 0
      inWeight: 0.33333334
      outWeight: 0.33333334
    - serializedVersion: 3
      time: 1
      value: 0
      inSlope: 0
      outSlope: 0
      tangentMode: 0
      weightedMode: 0
      inWeight: 0.33333334
      outWeight: 0.33333334
    m_PreInfinity: 2
    m_PostInfinity: 2
    m_RotationOrder: 4
  panLevelCustomCurve:
    serializedVersion: 2
    m_Curve:
    - serializedVersion: 3
      time: 0
      value: 0
      inSlope: 0
      outSlope: 0
      tangentMode: 0
      weightedMode: 0
      inWeight: 0.33333334
      outWeight: 0.33333334
    m_PreInfinity: 2
    m_PostInfinity: 2
    m_RotationOrder: 4
  spreadCustomCurve:
    serializedVersion: 2
    m_Curve:
    - serializedVersion: 3
      time: 0
      value: 0
      inSlope: 0
      outSlope: 0
      tangentMode: 0
      weightedMode: 0
      inWeight: 0.33333334
      outWeight: 0.33333334
    m_PreInfinity: 2
    m_PostInfinity: 2
    m_RotationOrder: 4
  reverbZoneMixCustomCurve:
    serializedVersion: 2
    m_Curve:
    - serializedVersion: 3
      time: 0
      value: 1
      inSlope: 0
      outSlope: 0
      tangentMode: 0
      weightedMode: 0
      inWeight: 0.33333334
      outWeight: 0.33333334
    m_PreInfinity: 2
    m_PostInfinity: 2
    m_RotationOrder: 4
--- !u!114 &349544397
MonoBehaviour:
  m_ObjectHideFlags: 0
  m_CorrespondingSourceObject: {fileID: 0}
  m_PrefabInstance: {fileID: 0}
  m_PrefabAsset: {fileID: 0}
  m_GameObject: {fileID: 5917829548366245256}
  m_Enabled: 1
  m_EditorHideFlags: 0
  m_Script: {fileID: 11500000, guid: 2955c03d69a338349a7e69a82f9b8888, type: 3}
  m_Name: 
  m_EditorClassIdentifier: 
  FirePoint: {fileID: 313380756}
  bulletPrefab: {fileID: 8410040902925173987, guid: 0e408288ca6ff1f4e9de2071214f1783, type: 3}
--- !u!1001 &2828750408029263154
PrefabInstance:
  m_ObjectHideFlags: 0
  serializedVersion: 2
  m_Modification:
    m_TransformParent: {fileID: 0}
    m_Modifications:
    - target: {fileID: 2074739235409708042, guid: 953a73d73dd8748eab942f7e300c1980, type: 3}
      propertyPath: LaunchOffset
      value: 
      objectReference: {fileID: 0}
    - target: {fileID: 2074739235409708042, guid: 953a73d73dd8748eab942f7e300c1980, type: 3}
      propertyPath: JumpSoundEffect
      value: 
      objectReference: {fileID: 349544390}
    - target: {fileID: 2074739235409708042, guid: 953a73d73dd8748eab942f7e300c1980, type: 3}
      propertyPath: ProjectilePrefab
      value: 
      objectReference: {fileID: 0}
    - target: {fileID: 2074739235409708042, guid: 953a73d73dd8748eab942f7e300c1980, type: 3}
      propertyPath: LaunchableProjectilePrefab
      value: 
      objectReference: {fileID: 850173844282161458, guid: fa6f6824dfb39db4b8453b41d07c4ce0, type: 3}
    - target: {fileID: 5966201396541264650, guid: 953a73d73dd8748eab942f7e300c1980, type: 3}
      propertyPath: DeathSoundEffect
      value: 
      objectReference: {fileID: 349544399}
    - target: {fileID: 8458295686842906791, guid: 953a73d73dd8748eab942f7e300c1980, type: 3}
      propertyPath: m_RootOrder
      value: 0
      objectReference: {fileID: 0}
    - target: {fileID: 8458295686842906791, guid: 953a73d73dd8748eab942f7e300c1980, type: 3}
      propertyPath: m_LocalScale.x
      value: 0.08264
      objectReference: {fileID: 0}
    - target: {fileID: 8458295686842906791, guid: 953a73d73dd8748eab942f7e300c1980, type: 3}
      propertyPath: m_LocalPosition.x
      value: -3.5
      objectReference: {fileID: 0}
    - target: {fileID: 8458295686842906791, guid: 953a73d73dd8748eab942f7e300c1980, type: 3}
      propertyPath: m_LocalPosition.y
      value: -2.13
      objectReference: {fileID: 0}
    - target: {fileID: 8458295686842906791, guid: 953a73d73dd8748eab942f7e300c1980, type: 3}
      propertyPath: m_LocalPosition.z
      value: 0
      objectReference: {fileID: 0}
    - target: {fileID: 8458295686842906791, guid: 953a73d73dd8748eab942f7e300c1980, type: 3}
      propertyPath: m_LocalRotation.w
      value: 1
      objectReference: {fileID: 0}
    - target: {fileID: 8458295686842906791, guid: 953a73d73dd8748eab942f7e300c1980, type: 3}
      propertyPath: m_LocalRotation.x
      value: 0
      objectReference: {fileID: 0}
    - target: {fileID: 8458295686842906791, guid: 953a73d73dd8748eab942f7e300c1980, type: 3}
      propertyPath: m_LocalRotation.y
      value: 0
      objectReference: {fileID: 0}
    - target: {fileID: 8458295686842906791, guid: 953a73d73dd8748eab942f7e300c1980, type: 3}
      propertyPath: m_LocalRotation.z
      value: 0
      objectReference: {fileID: 0}
    - target: {fileID: 8458295686842906791, guid: 953a73d73dd8748eab942f7e300c1980, type: 3}
      propertyPath: m_LocalEulerAnglesHint.x
      value: 0
      objectReference: {fileID: 0}
    - target: {fileID: 8458295686842906791, guid: 953a73d73dd8748eab942f7e300c1980, type: 3}
      propertyPath: m_LocalEulerAnglesHint.y
      value: 0
      objectReference: {fileID: 0}
    - target: {fileID: 8458295686842906791, guid: 953a73d73dd8748eab942f7e300c1980, type: 3}
      propertyPath: m_LocalEulerAnglesHint.z
      value: 0
      objectReference: {fileID: 0}
    - target: {fileID: 8458295686842906810, guid: 953a73d73dd8748eab942f7e300c1980, type: 3}
      propertyPath: m_Name
      value: REALPLAYER
      objectReference: {fileID: 0}
    - target: {fileID: 8458295686842906810, guid: 953a73d73dd8748eab942f7e300c1980, type: 3}
      propertyPath: m_IsActive
      value: 1
      objectReference: {fileID: 0}
    m_RemovedComponents:
    - {fileID: 4837814847397454689, guid: 953a73d73dd8748eab942f7e300c1980, type: 3}
  m_SourcePrefab: {fileID: 100100000, guid: 953a73d73dd8748eab942f7e300c1980, type: 3}
--- !u!1 &5917829548366245256 stripped
GameObject:
  m_CorrespondingSourceObject: {fileID: 8458295686842906810, guid: 953a73d73dd8748eab942f7e300c1980, type: 3}
  m_PrefabInstance: {fileID: 2828750408029263154}
  m_PrefabAsset: {fileID: 0}
--- !u!4 &5917829548366245269 stripped
Transform:
  m_CorrespondingSourceObject: {fileID: 8458295686842906791, guid: 953a73d73dd8748eab942f7e300c1980, type: 3}
  m_PrefabInstance: {fileID: 2828750408029263154}
  m_PrefabAsset: {fileID: 0}
